<record><leader>00000cas a22000007a 4500</leader><controlfield tag="001">6344382</controlfield><controlfield tag="008">800521d19261964nyudr ne      0    0eng d</controlfield><datafield ind1=" " ind2=" " tag="010"><subfield code="a">sn 88075664 </subfield></datafield><datafield ind1=" " ind2=" " tag="040"><subfield code="a">YQR</subfield><subfield code="b">eng</subfield><subfield code="c">YQR</subfield><subfield code="d">NYS</subfield><subfield code="d">OCLCQ</subfield><subfield code="d">CRL</subfield><subfield code="d">OCLCF</subfield></datafield><datafield ind1="1" ind2=" " tag="029"><subfield code="a">AU@</subfield><subfield code="b">000020723649</subfield></datafield><datafield ind1=" " ind2=" " tag="042"><subfield code="a">msc</subfield></datafield><datafield ind1=" " ind2="4" tag="050"><subfield code="a">PN4899.B9</subfield><subfield code="b">C8</subfield></datafield><datafield ind1="0" ind2="0" tag="245"><subfield code="a">Buffalo courier express.</subfield></datafield><datafield ind1="3" ind2="0" tag="246"><subfield code="a">Buffalo courier-express</subfield></datafield><datafield ind1="3" ind2="0" tag="246"><subfield code="a">Courier express</subfield></datafield><datafield ind1="3" ind2="0" tag="246"><subfield code="a">Courier-express</subfield></datafield><datafield ind1="3" ind2="0" tag="246"><subfield code="a">Buffalo courier and Buffalo Sunday express</subfield></datafield><datafield ind1=" " ind2=" " tag="260"><subfield code="a">Buffalo, N.Y. :</subfield><subfield code="b">Buffalo Courier</subfield></datafield><datafield ind1=" " ind2=" " tag="300"><subfield code="a">volumes :</subfield><subfield code="b">illustrations ;</subfield><subfield code="c">61 cm.</subfield></datafield><datafield ind1=" " ind2=" " tag="310"><subfield code="a">Daily</subfield></datafield><datafield ind1=" " ind2=" " tag="336"><subfield code="a">text</subfield><subfield code="b">txt</subfield><subfield code="2">rdacontent</subfield></datafield><datafield ind1=" " ind2=" " tag="337"><subfield code="a">unmediated</subfield><subfield code="b">n</subfield><subfield code="2">rdamedia</subfield></datafield><datafield ind1=" " ind2=" " tag="338"><subfield code="a">volume</subfield><subfield code="b">nc</subfield><subfield code="2">rdacarrier</subfield></datafield><datafield ind1="0" ind2=" " tag="362"><subfield code="a">Vol. 91, no. 195 (July 14, 1926)-v. 130, no. 53 (Sept. 11, 1964).</subfield></datafield><datafield ind1=" " ind2=" " tag="500"><subfield code="a">Issue for July 18, 1926 published with title: Buffalo courier and Buffalo Sunday express.</subfield></datafield><datafield ind1=" " ind2=" " tag="500"><subfield code="a">"Buffalo" appears over masthead ornament, &lt;1927&gt;.</subfield></datafield><datafield ind1=" " ind2=" " tag="530"><subfield code="a">Also available on microfilm from ProQuest.</subfield></datafield><datafield ind1=" " ind2="0" tag="651"><subfield code="a">Buffalo (N.Y.)</subfield><subfield code="v">Newspapers.</subfield></datafield><datafield ind1=" " ind2="0" tag="651"><subfield code="a">Erie County (N.Y.)</subfield><subfield code="v">Newspapers.</subfield></datafield><datafield ind1=" " ind2="7" tag="651"><subfield code="a">New York (State)</subfield><subfield code="z">Buffalo.</subfield><subfield code="2">fast</subfield><subfield code="0">(OCoLC)fst01205730</subfield></datafield><datafield ind1=" " ind2="7" tag="651"><subfield code="a">New York (State)</subfield><subfield code="z">Erie County.</subfield><subfield code="2">fast</subfield><subfield code="0">(OCoLC)fst01202692</subfield></datafield><datafield ind1=" " ind2="7" tag="655"><subfield code="a">Newspapers.</subfield><subfield code="2">fast</subfield><subfield code="0">(OCoLC)fst01423814</subfield></datafield><datafield ind1=" " ind2=" " tag="752"><subfield code="a">United States</subfield><subfield code="b">New York</subfield><subfield code="c">Erie</subfield><subfield code="d">Buffalo.</subfield></datafield><datafield ind1="0" ind2=" " tag="770"><subfield code="t">American weekly (New York, N.Y.)</subfield><subfield code="w">(OCoLC)29457998</subfield></datafield><datafield ind1="0" ind2="0" tag="780"><subfield code="t">Buffalo courier and Buffalo morning express</subfield><subfield code="w">(DLC)sn 88075663</subfield><subfield code="w">(OCoLC)17624186</subfield></datafield><datafield ind1="0" ind2="0" tag="785"><subfield code="t">Courier express</subfield><subfield code="w">(DLC)sn 88074337</subfield><subfield code="w">(OCoLC)17624424</subfield></datafield></record>